<record><leader>00000cas a2200000 a 4500</leader><controlfield tag="001">19258980</controlfield><controlfield tag="008">890224d189u193utnuwr ne      0    0eng d</controlfield><datafield ind1=" " ind2=" " tag="010"><subfield code="a">sn 89058349 </subfield></datafield><datafield ind1=" " ind2=" " tag="040"><subfield code="a">KNP</subfield><subfield code="b">eng</subfield><subfield code="c">KNP</subfield><subfield code="d">TGN</subfield><subfield code="d">OCL</subfield><subfield code="d">OCLCQ</subfield><subfield code="d">OCLCF</subfield><subfield code="d">OCLCO</subfield></datafield><datafield ind1="1" ind2=" " tag="029"><subfield code="a">AU@</subfield><subfield code="b">000020541683</subfield></datafield><datafield ind1=" " ind2=" " tag="042"><subfield code="a">msc</subfield></datafield><datafield ind1=" " ind2=" " tag="043"><subfield code="a">n-us-tn</subfield></datafield><datafield ind1="0" ind2="4" tag="245"><subfield code="a">The Dyer reporter.</subfield></datafield><datafield ind1=" " ind2=" " tag="260"><subfield code="a">Dyer, Tenn. :</subfield><subfield code="b">Luther L. Robinson, Jr.</subfield></datafield><datafield ind1=" " ind2=" " tag="300"><subfield code="a">v. :</subfield><subfield code="b">ill.</subfield></datafield><datafield ind1=" " ind2=" " tag="310"><subfield code="a">Weekly</subfield></datafield><datafield ind1=" " ind2=" " tag="515"><subfield code="a">Issues for &lt;Apr. 5, 1923&gt;-Nov. 17, 1932 lack numbering.</subfield></datafield><datafield ind1=" " ind2=" " tag="588"><subfield code="a">Description based on: Vol. 26, no. 1 (Jan. 14, 1921).</subfield></datafield><datafield ind1=" " ind2="0" tag="651"><subfield code="a">Dyer (Tenn.)</subfield><subfield code="v">Newspapers.</subfield></datafield><datafield ind1=" " ind2="0" tag="651"><subfield code="a">Gibson County (Tenn.)</subfield><subfield code="v">Newspapers.</subfield></datafield><datafield ind1=" " ind2="7" tag="655"><subfield code="a">Newspapers.</subfield><subfield code="2">fast</subfield><subfield code="0">(OCoLC)fst01423814</subfield></datafield><datafield ind1=" " ind2="7" tag="651"><subfield code="a">Tennessee</subfield><subfield code="z">Dyer.</subfield><subfield code="2">fast</subfield><subfield code="0">(OCoLC)fst01227262</subfield></datafield><datafield ind1=" " ind2="7" tag="651"><subfield code="a">Tennessee</subfield><subfield code="z">Gibson County.</subfield><subfield code="2">fast</subfield><subfield code="0">(OCoLC)fst01219780</subfield></datafield><datafield ind1=" " ind2=" " tag="752"><subfield code="a">United States</subfield><subfield code="b">Tennessee</subfield><subfield code="c">Gibson</subfield><subfield code="d">Dyer.</subfield></datafield><datafield ind1="0" ind2="0" tag="785"><subfield code="t">Tri-city reporter</subfield><subfield code="w">(DLC)sn 89058350</subfield></datafield></record>